%Articulo: Journal, vol, año, numero, paginas, titulo y autores, DOI Y si hay url tambien
%Libros:

@book{Farb,
    author  = "B. Farb and D. Margalit",
    title   = "A Primer on Mapping Class Groups",
}

@article{rigidityJA,
    author  = "J. Aramayona, J. Souto",
    title   = "Rigidity phenomena in the mapping class group",
    year    = "2013"
}

@article{rigidExpJA,
    author  = "J. Aramayona, C. Leininger",
    title   = "Exhausting curve complexes by finite rigid sets",
    year    = "2016"
}

@article{finiteRigidSetsJA,
    author  = "J. Aramayona, C. Leininger",
    title   = "Finite rigid sets in curve complexes",
    year    = "2013"
}

@article{exhaustionByRigidSets,
    author  = "J. Aramayona, C. Leininger",
    title   = "Exhausting curve complexes by finite rigid sets",
    year    = "2016"
}

@article{exhaustionCurveGraph,
    author  = "Jesús Hernández Hernández",
    title   = "Exhaustion of the curve graph via rigid expansions",
    year    = "2016"
}

@article{surveyStochastic,
    author  = "Mathew Kahle",
    title   = "Topology of random simplicial complexes: a survey",
    year    = "2013"
}

@article{rigidExpJH,
    author  = "J. Hernandez",
    title   = "Exhaustion of the curve graph via rigid expansions",
    year    = "2016"
}

@article{Broder86,
    author  = "A. Z. Broder",
    title   = "How hard is it to marry at random? (On the approximation of the permanent)",
    year    = "1986",
    pages   = "50--58"
}

@article{Broder89,
    author  = "A. Z. Broder",
    title   = "Generating random spanning trees",
    year    = "1989",
    journal = "Journal of Theoretical Probability",
    pages   = "101–-120"
}

@article{Costa15,
    author  = "A. Costa, M. Farber",
    title   = "Large Random Simplicial Complexes, II; the fundamental groups",
    year    = "2015"
}

@article{Alcazar15,
    author  = "Vidal Alcázar, Susana Fernandez, Daniel Borrajo, Manuela Veloso",
    title   = "Using Random Sampling Trees for Automated Planning",
    year    = "2015",
    journal = "AI Communications",
    pages   = " 665--681"
}

@article{Erdos59,
    author  = "Vidal Alcázar, Susana Fernandez, Daniel Borrajo, Manuela Veloso",
    title   = "On Random Graphs I.",
    year    = "1959",
    journal = "Publicationes Mathematicae (Debrecen)",
    pages   = "290--297"
} 

@article{Meshulam13,
    author  = "L. Aronshtam, N. Linial, T. Luczak, R. Meshulam",
    title   = "Collapsibility and vanishing of top homology in random simplicial complexes",
    year    = "2013",
    journal = "Discrete Computational Geometry",
    pages   = "317–-334"
}

@article{FKS89,
    author  = "J. Friedman, J. Kahn, and E. Szemeredi",
    title   = "On the second eigenvalue of random regular graphs",
    year    = "1989",
    pages   = "587--598"
}

@article{CDM88,
    author  = "C.J. Colbourn, R.P.J. Day, and W. Myrvold",
    title   = "Generating Random Spanning Trees Efficiently",
    year    = "1988",
}

@article{Guénoche83,
    author  = "A. Guénoche",
    title   = "Random Spanning Tree",
    year    = "1983",
    journal = "J. Algorithms",
    pages   = "214--220"
}

@article{CDN88,
    author  = "C.J. Colbourn, R.P.J. Day, and L.D. Nel",
    title   = "Unranking and Ranking Spanning Trees of a Graph",
    year    = "1988", 
    journal = "J. Algorithms",
}

@article{JS87,
    author  = "M. Jerrum and A. Sinclair",
    title   = "Conductance and the Rapid Mixing Property for Markov Chains: the Approximation of the Permanent Resolved",
    year    = "1988",
	pages   = "235--244"
}

@article{DMLV88,
    author  = "P. Dagum, M. Luby, M. Mihail and U. Vazirani",
    title   = "Polytopes, Permanents, and Graphs with Large Factors",
    year    = "1988",
    journal = "FOCS",
    pages   = "412--421"
}

@article{BS89,
    author  = "A.Z. Broder and A.R. Karlin",
    title   = "Bounds on Cover Times",
    year    = "1989",
    journal = "Journal of Theoretical Probability",
    pages   = "101–-120"
}

@article{BS87,
    author  = "A.Z. Broder and E. Shamir",
    title   = "On the second eigenvalue of random regular graphs",
    year    = "1987",
    journal = "FOCS",
    pages   = "286--294"
}


@article{BS87,
    author  = "Benson Farb and Dan Margalit",
    title   = "A Primer on Mapping class groups",
    year    = "1987",
    journal = "FOCS",
    pages   = "286--294"
}


@article{UH,
    author  = "Ursula Hamenstädt",
    title   = "Geometry of the complex of curves and of teichmüller space",
    year    = "1987",
    journal = "FOCS",
    pages   = "286--294"
}

@article{Masur,
    author  = "Howard A. Masur and Yair N. Minsky",
    title   = "Geometry of the complex of curves I: hyperbolicity",
    year    = "1998",
    journal = "FOCS",
    pages   = "286--294"
}


@article{Pants,
    author  = "Allen Hatcher",
    title   = "Pants Decompositions of Surfaces",
}

@article{RadoUnique,
    author = "P. Erdös and A. Rényi",
    year = "1963",
    title = "Asymmetric graphs",
    journal = "Acta Math. Acad. Sci.",
    pages = "295–-315",
}

@article{OnRandomGraphs,
    author = "P. Erdös and A. Rényi",
    year = "1959",
    title = "On Random Graphs I.",
    pages = "290–-297",
}

@book{Bollobas,
    author = "Béla Bollobás",
    tittle= "Random Grpahs" 
}

@article{Khale,
    author  = "Matthew Kahle",
    title   = "Random simplicial complexes",
    year    = "2016",
}

@article{celebratedIvanov,
    author  = "N. V. Ivanov",
    title   = "Automorphism of complexes of curves and of Teichm¨uller spaces",
    year    = "2016",
}

@article{celebratedKorkmaz,
    author  = "M. Korkmaz",
    title   = "Automorphisms of complexes of curves on punctured spheres and on punctured tori.",
    year    = "2016",
}

@article{celebratedLuo,
    author  = "F. Luo",
    title   = "Automorphisms of the complex of curves",
    year    = "2016",
}

@article{beringGaster,
    author  = "E. Bering, J. Gaster",
    title   = "The random graph embeds in the curve graph of any infinite genus surface",
    year    = "2014",
}

@article{fastER,
    author  = "V. Batagelj, U. Brandes",
    title   = "Efficient generation of large random networks",
    year    = "2005",
}

@article{metaconjecture,
    author  = "N.V. Ivanov",
    title   = "Automorphisms of complexes of curves and of Teichmüller spaces",
    year    = "1997",
}